@online{economy,
	title = {New Study: Airbnb Community Contributes \$175 Million to Barcelonaâ€™s Economy - Airbnb},
	url = {https://www.airbnb.es/press/news/new-study-airbnb-community-contributes-175-million-to-barcelona-s-economy},
	shorttitle = {New Study},
	urldate = {2020-10-24},
	langid = {spanish},
	file = {Snapshot:/home/leix/Zotero/storage/GXSDZQWE/new-study-airbnb-community-contributes-175-million-to-barcelona-s-economy.html:text/html}
}